<?xml version="1.0" encoding="UTF-8"?><record xmlns="http://www.loc.gov/MARC21/slim" xmlns:cinclude="http://apache.org/cocoon/include/1.0" xmlns:zs="http://www.loc.gov/zing/srw/">
  <leader>01108cz  a2200217n  4500</leader>
  <controlfield tag="001">n  85388681 </controlfield>
  <controlfield tag="003">DLC</controlfield>
  <controlfield tag="005">20051222071214.0</controlfield>
  <controlfield tag="008">860220n| acannaabn          |a ana      </controlfield>
  <datafield tag="010" ind1=" " ind2=" ">
    <subfield code="a">n  85388681 </subfield>
  </datafield>
  <datafield tag="035" ind1=" " ind2=" ">
    <subfield code="a">(OCoLC)oca01538897</subfield>
  </datafield>
  <datafield tag="040" ind1=" " ind2=" ">
    <subfield code="a">DLC</subfield>
    <subfield code="b">eng</subfield>
    <subfield code="c">DLC</subfield>
    <subfield code="d">DLC</subfield>
    <subfield code="d">NjP</subfield>
  </datafield>
  <datafield tag="110" ind1="2" ind2=" ">
    <subfield code="a">David M. Stewart Museum</subfield>
  </datafield>
  <datafield tag="410" ind1="2" ind2=" ">
    <subfield code="a">Stewart Museum</subfield>
  </datafield>
  <datafield tag="410" ind1="2" ind2=" ">
    <subfield code="a">Musée Stewart</subfield>
  </datafield>
  <datafield tag="410" ind1="2" ind2=" ">
    <subfield code="a">Musée David M. Stewart</subfield>
  </datafield>
  <datafield tag="510" ind1="2" ind2=" ">
    <subfield code="a">Montreal Military &amp; Maritime Museum</subfield>
  </datafield>
  <datafield tag="670" ind1=" " ind2=" ">
    <subfield code="a">Its The discovery of the world, 1985:</subfield>
    <subfield code="b">t.p. (David M. Stewart Museum, The Old Fort, St. Helen's Island, Montreal, Quebec) p. 7 (founded 1955)</subfield>
  </datafield>
  <datafield tag="670" ind1=" " ind2=" ">
    <subfield code="a">NLC, 2-4-92</subfield>
    <subfield code="b">(David M. Stewart Museum; est. 1955 as the Montreal Military Museum; name changed 1965 to Montreal Military &amp; Maritime Museum; name changed 1970 to St. Helen's Island Museum [no publs. in LC data base]; name changed 1985 to David M. Stewart Museum)</subfield>
  </datafield>
  <datafield tag="670" ind1=" " ind2=" ">
    <subfield code="a">L'art d'enseigner la physique, c2002:</subfield>
    <subfield code="b">jkt. (Musée Stewart)</subfield>
  </datafield>
  <datafield tag="670" ind1=" " ind2=" ">
    <subfield code="a">AMICUS database, Dec. 19, 2005</subfield>
    <subfield code="b">(Musée David M. Stewart; refs. from: David M. Stewart Museum, Stewart Museum, Musée Stewart)</subfield>
  </datafield>
</record>